@MISC {ryanadams,
    author = "Ryan Adams",
    title  = "Bayesian Nonparametrics Tutorial"
}

@book{book:870085,
   title =     {Machine Learning: A Probabilistic Perspective},
   author =    {Kevin P. Murphy},
   publisher = {The MIT Press},
   isbn =      {0262018020,9780262018029},
   year =      {2012},
   series =    {Adaptive Computation and Machine Learning},
   edition =   {1},
   volume =    {},
}
% cb2Bib 1.9.7
@article{teh,
	author       = {Y. W. Teh},
	title        = {Dirichlet Process}
}

% cb2Bib 1.9.7
@article{Huynh15p237,
author       = {V. Huynh and D. Phung and S. Venkatesh},
title        = {Streaming Variational Inference for Dirichlet Process Mixture Models}
year         = {2015},
}

% cb2Bib 1.9.7
@article{Blei,
author       = {D. M. Blei},
title        = {Variational Inference}
}

% cb2Bib 1.9.7
@article{Jp08p1,
title        = {Graphical Models, Exponential Families, and Variational Inference},
author       = {M. J. Wainwright, M. I. Jordan. },
year         = {2008},
}

